@inproceedings
{
	Beck-1998,
	shortauthor={بک, کنت},
	title={Extreme programming: A humanistic discipline of software development},
	author={Beck, Kent},
	booktitle={International Conference on Fundamental Approaches to Software Engineering},
	pages={1--6},
	year={1998},
	organization={Springer}
}

@online
{
	Beck-2001,
	title={Manifesto for Agile Software Development},
	author={Beck, Kent and Beedle, Mike and van Bennekum, Arie and Cockburn, Alistair and Cunningham, Ward and Fowler, Martin and Grenning, James and Highsmith, Jim and Hunt, Andrew and Jeffries, Ron and Kern, Jon and Marick, Brian and Martin, Robert and Mellor, Steve and Schwaber, Ken and Sutherland, Jeff and Thomas, Dave},
	year={2001},
	url={www.agilemanifesto.org},
	urldate={2021-04-26}
}

@online
{
	Eriksson-2011,
	shortauthor={اریکسون, مارتین},
	title={What, exactly, is a Product manager?},
	author={Eriksson, Martin},
	year={2011},
	url={www.mindtheproduct.com/2011/10/what-exactly-is-a-product-manager},
	urldate={2021-04-20}
}

@article
{
	Maier-2001,
	shortauthor={مایر, مارک and ایمری, دیوید and هیلیارد, ریچ},
	title={Software architecture: Introducing IEEE standard 1471},
	author={Maier, Mark and Emery, David and Hilliard, Rich},
	journal={Computer},
	volume={34},
	number={4},
	pages={107--109},
	year={2001},
	publisher={IEEE}
}

@book
{
	Moore-1999,
	shortauthor={مور, جافری},
	title={Crossing the Chasm: Marketing and Selling Technology Products to Mainstream Consumers},
	author={Moore, Geoffrey},
	year={1999},
	publisher={Hypercollins Publishers, New York}
}

@online
{
	Schwaber-2013,
	shortauthor={شوابر, کن and ساترلند, جف},
	title={The scrum Guide: The definitive guide to scrum: the rules of the game},
	author={Schwaber, Ken and Sutherland, Jeff},
	year={2013},
	url={www.scrumguides.org},
	urldate={2021-04-15}
}

@inproceedings
{
	Sommerville-2015,
	title={Designing Software for a Million Users: it's not About the Technology},
	author={Sommerville, Ian},
	booktitle={STPIS$@$ CAiSE},
	pages={1--4},
	year={2015}
}

@online
{
	Spolsky-2002,
	shortauthor={پولسکی, جول},
	title={Product Vision},
	author={Spolsky, Joel},
	year={2002},
	url={www.joelonsoftware.com/articles/JimHighsmithonProductVisi.html},
	urldate={2021-04-13}
}

@online
{
	Wiki_Rogue_One-2001,
	title = {Rogue One --- Wikipedia, The Free Encyclopedia},
	author = {Wikipedia Contributors},
	year={2021},
	url = "www.wikipedia.org/wiki/Rogue_One",
	urldate={2021-09-11}
}
